@BOOK{Smith:2012qr,
	title = {Control ESP8266 Over the Internet from Anywhere},
	publisher = {Instructables},
	author = {CrtSuznik},
	year = {2016},
}